 @inbook{wallwork_177,
 pages={177-245},
 title={English for writing research papers}, 
 publisher={Springer International Publishing Switzerland}, 
 author={Wallwork, Adrian}, 
 chapter = {Abstracts},
 year={2011},
 } 
 
 @inbook{wallwork_306,
 pages={306},
 title={English for writing research papers}, 
 publisher={Springer International Publishing Switzerland}, 
 author={Wallwork, Adrian}, 
 year={2011},
 } 
@inproceedings{GevayRBMQM21,
title = {Efficient Control Flow in Dataflow Systems: When Ease-of-Use Meets High Performance},
Author = {Gábor E. Gévay and Tilmann Rabl and Sebastian Breß and Loránd Madai-Tahy and Jorge-Arnulfo Quiané-Ruiz and Volker Markl},
Year = {2021},
Journal = {ICDE},
Note = {to be published},
Url = {https://www.researchgate.net/publication/349768477_Efficient_Control_Flow_in_Dataflow_Systems_When_Ease-of-Use_Meets_High_Performance}
}

@incollection{dijkstra2022note,
  title={A note on two problems in connexion with graphs},
  author={Dijkstra, Edsger W},
  booktitle={Edsger Wybe Dijkstra: His Life, Work, and Legacy},
  pages={287--290},
  year={2022}
}


@article{3342263,
author = {Zhou, Qi and Arulraj, Joy and Navathe, Shamkant and Harris, William and Xu, Dong},
title = {Automated Verification of Query Equivalence Using Satisfiability modulo Theories},
year = {2019},
issue_date = {July 2019},
publisher = {VLDB Endowment},
volume = {12},
number = {11},
issn = {2150-8097},
url = {https://doi.org/10.14778/3342263.3342267},
doi = {10.14778/3342263.3342267},
journal = {Proc. VLDB Endow.},
month = jul,
pages = {1276–1288},
numpages = {13}
}

@article{sweeney2002kanonymity,
  title={K-anonymity: A model for protecting privacy},
  author={Sweeney, Latanya},
  journal={International Journal of Uncertainty, Fuzziness and Knowledge-Based Systems},
  volume={10},
  number={05},
  pages={557--570},
  year={2002},
  publisher={World Scientific}
}

@inproceedings{sweeney1997datafly,
  title={Weaving technology and policy together to maintain confidentiality},
  author={Sweeney, Latanya},
  booktitle={Journal of Law, Medicine \& Ethics},
  pages={184--195},
  year={1997},
  organization={Wiley Online Library}
}

@inproceedings{lefevre2006mondrian,
  title={Mondrian multidimensional k-anonymity},
  author={LeFevre, Kristen and DeWitt, David J and Ramakrishnan, Raghu},
  booktitle={22nd International Conference on Data Engineering (ICDE'06)},
  pages={25--25},
  year={2006},
  organization={IEEE}
}

@article{machanavajjhala2007ldiversity,
  title={l-Diversity: Privacy Beyond k-Anonymity},
  author={Machanavajjhala, Ashwin and Kifer, Daniel and Gehrke, Johannes and Venkitasubramaniam, Muthuramakrishnan},
  journal={ACM Transactions on Knowledge Discovery from Data (TKDD)},
  volume={1},
  number={1},
  pages={3},
  year={2007},
  publisher={ACM}
}

@article{oganian_domingo-ferrer_2001,
    title = {On the Complexity of Optimal Microaggregation for Statistical Disclosure Control},
    author = {Oganian, Anna and Domingo-Ferrer, Josep},
    journal = {Statistical Journal of the United Nations Economic Commission for Europe},
    volume = {18},
    number = {4},
    pages = {345--353},
    year = {2001},
    month = {12},
    day = {28},
    publisher = {IOS Press},
    keywords = {Statistical Disclosure Control, Complexity, Optimal Microaggregation},
}


@inproceedings{li2007tcloseness,
  title={T-Closeness: Privacy Beyond k-Anonymity and l-Diversity},
  author={Li, Ninghui and Li, Tiancheng and Venkatasubramanian, S},
  booktitle={2007 IEEE 23rd International Conference on Data Engineering},
  pages={106--115},
  year={2007},
  organization={IEEE}
}

@inproceedings{lefevre2005incognito,
  title={Incognito: Efficient full-domain k-anonymity},
  author={LeFevre, Kristen and DeWitt, David J and Ramakrishnan, Raghu},
  booktitle={Proceedings of the 2005 ACM SIGMOD international conference on Management of data},
  pages={49--60},
  year={2005},
  organization={ACM}
}

@article{bayardo2005data,
  title={Data privacy through optimal k-anonymization},
  author={Bayardo, Roberto J and Agrawal, Rakesh},
  journal={Proceedings of the 21st International Conference on Data Engineering (ICDE)},
  pages={217--228},
  year={2005}
}


@article{samarati2001protecting,
  title={Protecting respondents identities in microdata release},
  author={Samarati, Pierangela},
  journal={IEEE transactions on Knowledge and Data Engineering},
  volume={13},
  number={6},
  pages={1010--1027},
  year={2001},
  publisher={IEEE}
}


@inproceedings{Parallelism,
author = {Gévay, Gábor and Quiané-Ruiz, Jorge-Arnulfo and Markl, Volker},
year = {2021},
month = {03},
pages = {},
title = {The Power of Nested Parallelism in Big Data Processing -- Hitting Three Flies with One Slap}
}

@inproceedings{TraubGCBKRM20,
Title = {Scotty: General and Efficient Open-Source Window Aggregation for Stream Processing Systems},
Author = {Jonas Traub and Philipp Marian Grulich and Alejandro Rodríguez Cuéllar and Sebastian Bress and Asterios Katsifodimos and Tilmann Rabl and Volker Markl},
Year = {2020},
Journal = {ACM Transactions on Database Systems},
Url = {https://www.redaktion.tu-berlin.de/fileadmin/fg131/Publikation/Papers/Traub_TODS-21-Scotty_preprint.pdf},
Url2 = {https://dl.acm.org/doi/10.1145/3433675}
}

@inproceedings{EsmailoghliQZ21,
Title = {COCOA: COrrelation COefficient-Aware Data Augmentation},
Author = {Mahdi Esmailoghli, Jorge-Arnulfo Quiané-Ruiz, Ziawash Abedjan},
Year = {2021},
Journal = {EDBT},
Url2 = {https://openproceedings.org/2021/conf/edbt/p226.pdf}
}

@misc{idf2023,
    author = {International Diabetes Federation},
    title = {Diabetes facts \& figures},
    year = {2023},
    url = {https://idf.org/about-diabetes/diabetes-facts-figures/},
    note = {Accessed: 2023-10-01}
}

@misc{WHODiabetes2023,
    author = {World Health Organization},
    title = {Diabetes fact sheet},
    year = {2023},
    url = {ttps://www.who.int/news-room/fact-sheets/detail/diabetes},
    note = {Accessed: 2023-10-01}
}

@misc{KafkaPoweredBY,
    author = {Apache Kafka},
    title = {Organizations powered by Apache Kafka},
    year = {2023},
    url = {https://kafka.apache.org/powered-by},
    note = {Accessed: 2023-10-01}
}


%%%%%%%%%%%%%%%%%%%%%%%%%%%%%%%%%%%%%%%%%%%%%%%%%%%%%%%%%%%%%%%%%%%%%%%%%%%%%%%%
% For more information, see:                                                   %
% "LaTeX-Kompendium: Zitieren mit BibTeX"                                      %
% https://de.wikibooks.org/wiki/LaTeX-Kompendium:_Zitieren_mit_BibTeX          %
%%%%%%%%%%%%%%%%%%%%%%%%%%%%%%%%%%%%%%%%%%%%%%%%%%%%%%%%%%%%%%%%%%%%%%%%%%%%%%%%
